%YAML 1.1
%TAG !u! tag:unity3d.com,2011:
--- !u!114 &3147859465360021445
MonoBehaviour:
  m_ObjectHideFlags: 0
  m_CorrespondingSourceObject: {fileID: 0}
  m_PrefabInstance: {fileID: 0}
  m_PrefabAsset: {fileID: 0}
  m_GameObject: {fileID: 4133909643821500549}
  m_Enabled: 1
  m_EditorHideFlags: 0
  m_Script: {fileID: 11500000, guid: 8ae57fb5a68daf4429ce220f46aba526, type: 3}
  m_Name: 
  m_EditorClassIdentifier: 
  particle: {fileID: 4133909643821500546}
  alcoolprefab_: {fileID: 7326281833844718303}
--- !u!1 &7326281833844718303
GameObject:
  m_ObjectHideFlags: 0
  m_CorrespondingSourceObject: {fileID: 0}
  m_PrefabInstance: {fileID: 0}
  m_PrefabAsset: {fileID: 0}
  serializedVersion: 6
  m_Component:
  - component: {fileID: 8758070029530968877}
  - component: {fileID: 2372501002173249303}
  - component: {fileID: 5313430753830367839}
  - component: {fileID: 3068062639345912637}
  - component: {fileID: 4001682541471398581}
  - component: {fileID: -2669151189968517838}
  m_Layer: 0
  m_Name: AlcoolPrefab
  m_TagString: Untagged
  m_Icon: {fileID: 0}
  m_NavMeshLayer: 0
  m_StaticEditorFlags: 0
  m_IsActive: 1
--- !u!4 &8758070029530968877
Transform:
  m_ObjectHideFlags: 0
  m_CorrespondingSourceObject: {fileID: 0}
  m_PrefabInstance: {fileID: 0}
  m_PrefabAsset: {fileID: 0}
  m_GameObject: {fileID: 7326281833844718303}
  m_LocalRotation: {x: 0, y: 0, z: 0, w: 1}
  m_LocalPosition: {x: 0, y: 0, z: 0}
  m_LocalScale: {x: 120, y: 120, z: 120}
  m_Children:
  - {fileID: 4133909643821500548}
  m_Father: {fileID: 0}
  m_RootOrder: 0
  m_LocalEulerAnglesHint: {x: 0, y: 0, z: 0}
--- !u!33 &2372501002173249303
MeshFilter:
  m_ObjectHideFlags: 0
  m_CorrespondingSourceObject: {fileID: 0}
  m_PrefabInstance: {fileID: 0}
  m_PrefabAsset: {fileID: 0}
  m_GameObject: {fileID: 7326281833844718303}
  m_Mesh: {fileID: 10202, guid: 0000000000000000e000000000000000, type: 0}
--- !u!23 &5313430753830367839
MeshRenderer:
  m_ObjectHideFlags: 0
  m_CorrespondingSourceObject: {fileID: 0}
  m_PrefabInstance: {fileID: 0}
  m_PrefabAsset: {fileID: 0}
  m_GameObject: {fileID: 7326281833844718303}
  m_Enabled: 1
  m_CastShadows: 1
  m_ReceiveShadows: 1
  m_DynamicOccludee: 1
  m_MotionVectors: 1
  m_LightProbeUsage: 1
  m_ReflectionProbeUsage: 1
  m_RayTracingMode: 2
  m_RenderingLayerMask: 1
  m_RendererPriority: 0
  m_Materials:
  - {fileID: 2100000, guid: 7f7859e0374c526458654ee995b57112, type: 2}
  m_StaticBatchInfo:
    firstSubMesh: 0
    subMeshCount: 0
  m_StaticBatchRoot: {fileID: 0}
  m_ProbeAnchor: {fileID: 0}
  m_LightProbeVolumeOverride: {fileID: 0}
  m_ScaleInLightmap: 1
  m_ReceiveGI: 1
  m_PreserveUVs: 0
  m_IgnoreNormalsForChartDetection: 0
  m_ImportantGI: 0
  m_StitchLightmapSeams: 1
  m_SelectedEditorRenderState: 3
  m_MinimumChartSize: 4
  m_AutoUVMaxDistance: 0.5
  m_AutoUVMaxAngle: 89
  m_LightmapParameters: {fileID: 0}
  m_SortingLayerID: 0
  m_SortingLayer: 0
  m_SortingOrder: 0
--- !u!65 &3068062639345912637
BoxCollider:
  m_ObjectHideFlags: 0
  m_CorrespondingSourceObject: {fileID: 0}
  m_PrefabInstance: {fileID: 0}
  m_PrefabAsset: {fileID: 0}
  m_GameObject: {fileID: 7326281833844718303}
  m_Material: {fileID: 0}
  m_IsTrigger: 1
  m_Enabled: 1
  serializedVersion: 2
  m_Size: {x: 1, y: 1, z: 1}
  m_Center: {x: 0, y: 0, z: 0}
--- !u!114 &4001682541471398581
MonoBehaviour:
  m_ObjectHideFlags: 0
  m_CorrespondingSourceObject: {fileID: 0}
  m_PrefabInstance: {fileID: 0}
  m_PrefabAsset: {fileID: 0}
  m_GameObject: {fileID: 7326281833844718303}
  m_Enabled: 1
  m_EditorHideFlags: 0
  m_Script: {fileID: 11500000, guid: 83c44f8cd025dfc49ad3b269b631e69c, type: 3}
  m_Name: 
  m_EditorClassIdentifier: 
  player_: {fileID: 0}
--- !u!54 &-2669151189968517838
Rigidbody:
  m_ObjectHideFlags: 0
  m_CorrespondingSourceObject: {fileID: 0}
  m_PrefabInstance: {fileID: 0}
  m_PrefabAsset: {fileID: 0}
  m_GameObject: {fileID: 7326281833844718303}
  serializedVersion: 2
  m_Mass: 1
  m_Drag: 0
  m_AngularDrag: 0.05
  m_UseGravity: 0
  m_IsKinematic: 0
  m_Interpolate: 0
  m_Constraints: 0
  m_CollisionDetection: 0
--- !u!1001 &3485431147214366265
PrefabInstance:
  m_ObjectHideFlags: 0
  serializedVersion: 2
  m_Modification:
    m_TransformParent: {fileID: 8758070029530968877}
    m_Modifications:
    - target: {fileID: 648559862690721467, guid: 4470b2cae06eddc40bfd6b4f433cbe5d,
        type: 3}
      propertyPath: SizeModule.separateAxes
      value: 0
      objectReference: {fileID: 0}
    - target: {fileID: 648559862690721467, guid: 4470b2cae06eddc40bfd6b4f433cbe5d,
        type: 3}
      propertyPath: SizeBySpeedModule.enabled
      value: 0
      objectReference: {fileID: 0}
    - target: {fileID: 648559862690721468, guid: 4470b2cae06eddc40bfd6b4f433cbe5d,
        type: 3}
      propertyPath: m_Name
      value: Particle System
      objectReference: {fileID: 0}
    - target: {fileID: 648559862690721469, guid: 4470b2cae06eddc40bfd6b4f433cbe5d,
        type: 3}
      propertyPath: m_LocalPosition.x
      value: 0
      objectReference: {fileID: 0}
    - target: {fileID: 648559862690721469, guid: 4470b2cae06eddc40bfd6b4f433cbe5d,
        type: 3}
      propertyPath: m_LocalPosition.y
      value: 0
      objectReference: {fileID: 0}
    - target: {fileID: 648559862690721469, guid: 4470b2cae06eddc40bfd6b4f433cbe5d,
        type: 3}
      propertyPath: m_LocalPosition.z
      value: 0
      objectReference: {fileID: 0}
    - target: {fileID: 648559862690721469, guid: 4470b2cae06eddc40bfd6b4f433cbe5d,
        type: 3}
      propertyPath: m_LocalRotation.x
      value: -0.7071068
      objectReference: {fileID: 0}
    - target: {fileID: 648559862690721469, guid: 4470b2cae06eddc40bfd6b4f433cbe5d,
        type: 3}
      propertyPath: m_LocalRotation.y
      value: -0
      objectReference: {fileID: 0}
    - target: {fileID: 648559862690721469, guid: 4470b2cae06eddc40bfd6b4f433cbe5d,
        type: 3}
      propertyPath: m_LocalRotation.z
      value: -0
      objectReference: {fileID: 0}
    - target: {fileID: 648559862690721469, guid: 4470b2cae06eddc40bfd6b4f433cbe5d,
        type: 3}
      propertyPath: m_LocalRotation.w
      value: 0.7071068
      objectReference: {fileID: 0}
    - target: {fileID: 648559862690721469, guid: 4470b2cae06eddc40bfd6b4f433cbe5d,
        type: 3}
      propertyPath: m_RootOrder
      value: 0
      objectReference: {fileID: 0}
    - target: {fileID: 648559862690721469, guid: 4470b2cae06eddc40bfd6b4f433cbe5d,
        type: 3}
      propertyPath: m_LocalEulerAnglesHint.x
      value: -90
      objectReference: {fileID: 0}
    - target: {fileID: 648559862690721469, guid: 4470b2cae06eddc40bfd6b4f433cbe5d,
        type: 3}
      propertyPath: m_LocalEulerAnglesHint.y
      value: 0
      objectReference: {fileID: 0}
    - target: {fileID: 648559862690721469, guid: 4470b2cae06eddc40bfd6b4f433cbe5d,
        type: 3}
      propertyPath: m_LocalEulerAnglesHint.z
      value: 0
      objectReference: {fileID: 0}
    - target: {fileID: 648559862690721469, guid: 4470b2cae06eddc40bfd6b4f433cbe5d,
        type: 3}
      propertyPath: m_LocalScale.x
      value: 60
      objectReference: {fileID: 0}
    - target: {fileID: 648559862690721469, guid: 4470b2cae06eddc40bfd6b4f433cbe5d,
        type: 3}
      propertyPath: m_LocalScale.y
      value: 60.000015
      objectReference: {fileID: 0}
    - target: {fileID: 648559862690721469, guid: 4470b2cae06eddc40bfd6b4f433cbe5d,
        type: 3}
      propertyPath: m_LocalScale.z
      value: 60.000015
      objectReference: {fileID: 0}
    m_RemovedComponents: []
  m_SourcePrefab: {fileID: 100100000, guid: 4470b2cae06eddc40bfd6b4f433cbe5d, type: 3}
--- !u!1 &4133909643821500549 stripped
GameObject:
  m_CorrespondingSourceObject: {fileID: 648559862690721468, guid: 4470b2cae06eddc40bfd6b4f433cbe5d,
    type: 3}
  m_PrefabInstance: {fileID: 3485431147214366265}
  m_PrefabAsset: {fileID: 0}
--- !u!4 &4133909643821500548 stripped
Transform:
  m_CorrespondingSourceObject: {fileID: 648559862690721469, guid: 4470b2cae06eddc40bfd6b4f433cbe5d,
    type: 3}
  m_PrefabInstance: {fileID: 3485431147214366265}
  m_PrefabAsset: {fileID: 0}
--- !u!198 &4133909643821500546 stripped
ParticleSystem:
  m_CorrespondingSourceObject: {fileID: 648559862690721467, guid: 4470b2cae06eddc40bfd6b4f433cbe5d,
    type: 3}
  m_PrefabInstance: {fileID: 3485431147214366265}
  m_PrefabAsset: {fileID: 0}
